@article{Benavoli2017,
  author  = {Alessio Benavoli and Giorgio Corani and Janez Dem{\v{s}}ar and Marco Zaffalon},
  title   = {Time for a Change: a Tutorial for Comparing Multiple Classifiers Through Bayesian Analysis},
  journal = {Journal of Machine Learning Research},
  year    = {2017},
  volume  = {18},
  number  = {77},
  pages   = {1--36},
  url     = {http://jmlr.org/papers/v18/16-305.html}
}

@ARTICLE{Vapnik1999,
  author={Vapnik, V.N.},
  journal={IEEE Transactions on Neural Networks},
  title={An overview of statistical learning theory},
  year={1999},
  volume={10},
  number={5},
  pages={988-999},
  doi={10.1109/72.788640}}
